
 @online{skript,
 url = {https://moodle.tu-dortmund.de/pluginfile.php/1493344/mod_resource/content/2/V901.pdf},
 urldate = {2021-22-06},
 title = {US1 - Anleitung zu Grundlagen der Ultraschalltechnik},
}


@online{online,
url = {https://www.olympus-ims.com/de/ndt-tutorials/thickness-gauge/appendices-velocities/},
urldate = {2021-22-06},
title = {Schallgeschwindigkeit im Material},
}



