@manual{skript, 
    title = {V406 Beugung am Spalt},
    year = 2021,
    organization = {Fakult√§t Physik, TU Dortmund}
    }