@manual{ap03, 
    title = {Versuchsanleitung zum Versuch V703-Das-Geiger-Müllerzählrohr},
    year = 2020,
    organization = {Fakultät Physik, TU Dortmund},
    }
