@manual{ap01, 
    title = {Versuchsanleitung zum Versuch D206-W채rmepumpe},
    year = 2020,
    organization = {Fakult채t Physik, TU Dortmund},
    }

@manual{ap02, 
title = {Versuchsanleitung zum Versuch V203-Verdampfungsw채rme und Dampfdruckkurve},
year = 2020,
organization = {Fakult채t Physik, TU Dortmund},
    }