@manual{skript, 
    title = {----------------},
    year = 2021,
    organization = {Fakult√§t Physik, TU Dortmund}
    }


@online{lit,
    url = {https://www.schweizer-fn.de/stoff/wleit_metall/wleit_metall.php},
    urldate = {2021-05-11},
    title = {Formelsammlung und Berechnungsprogramme
    Maschinen- und Anlagenbau},
 }

 @online{gauss,
    url = {http://hyperphysics.phy-astr.gsu.edu/hbase/Math/gaufcn.html},
    urldate = {2021-06-09},
    title = {Gaussian Distribution Function},
 }


  