@manual{skript, 
    title = {V203: Verdampfungswärme},
    year = 2020,
    organization = {Fakultät Physik, TU Dortmund},
    }