@online{V311.pdf,
url = {https://moodle.tu-dortmund.de/pluginfile.php/1369106/mod_resource/content/1/V311.pdf},
urldate = {2020-11-12},
title = {Der Hall Effekt},
}