@manual{skript, 
    title = {V353: Relaxationsverhalten eines RC-Kreises},
    year = 2020,
    organization = {Fakult√§t Physik, TU Dortmund},
    }