@manual{skript, 
    title = {V603: Compton Effekt},
    year = 2020,
    organization = {Fakultät Physik, TU Dortmund},
    }

@manual{hinweis, 
    title = {Messdaten und Hinweise zum Versuch Compton Effekt},
    year = 2020,
    organization = {Fakultät Physik, TU Dortmund},
    }
@manual{skript2, 
    title = {Versuchsanleitung zum Versuch Nr. 701 Reichweite von alpha-Strahlung},
    year = 2020,
    organization = {Fakultät Physik, TU Dortmund},
    }

@online{Steffen,
    url = {https://wissen.science-and-fun.de/tabellen-fur-spektroskopiker/wellenlaengen-und-anregungsenergien-von-k-und-l-absorptionskanten/},
    urldate = {2020-29-01},
    title = {Wellenlängen und Anregungsenergien von K- und L- Absorptionskanten},
 }
@online{random,
    url = {https://wissen.science-and-fun.de/tabellen-fur-spektroskopiker/wellenlaengen-und-anregungsenergien-von-k-und-l-absorptionskanten/},
    urldate = {2020-29-01},
    title = {X-Ray Transition Energies Database},
 }
@online{database,
    url = {https://physics.nist.gov/cgi-bin/XrayTrans/search.pl?element=Zn&lower=&upper=&units=eV},
    urldate = {2020-29-01},
    title = {X-Ray Transition Energies Database},
 }
@online{chemie,
    url = {https://www.chemie.de/lexikon/Rydberg-Konstante.html},
    urldate = {2020-29-01},
    title = {Rydberg-Energie},
 }
@online{Naturkonstanten,
    url = {https://toolbox.pep-dortmund.org/files/archive/2020/scientific-python.html},
    urldate = {2020-29-01},
    title = {Naturkonstanten - SciPy, PeP et al. Toolbox},
 }
@manual{skript3, 
    title = {Versuchsanleitung zum Versuch Nr. 603 Compton-Effekt},
    year = 2020,
    organization = {Fakultät Physik, TU Dortmund},
    }
@manual{skript4, 
    title = {Versuchsanleitung zum Versuch Nr. 602 Röntgenemission- und absorption.},
    year = 2020,
    organization = {Fakultät Physik, TU Dortmund},
    }
