@manual{skript, 
    title = {V500 Anleitung zum Photoeffekt},
    year = 2021,
    organization = {Fakult√§t Physik, TU Dortmund}
    }

    @online{lit,
    url = {https://toolbox.pep-dortmund.org/files/archive/2020/scientific-python.html},
    urldate = {2021-06-16},
    title = {Physikalische Konstanten aus Scipy},
   }
    