@manual{skript, 
    title = {V204 Wärmeleitung},
    year = 2021,
    organization = {Fakultät Physik, TU Dortmund}
    }


@online{lit,
    url = {https://www.schweizer-fn.de/stoff/wleit_metall/wleit_metall.php},
    urldate = {2021-05-11},
    title = {Formelsammlung und Berechnungsprogramme
    Maschinen- und Anlagenbau},
 }


  