@manual{skript, 
    title = {V602: Röntgenemission und - Absorption},
    year = 2020,
    organization = {Fakultät Physik, TU Dortmund},
    }

@manual{hinweis, 
    title = {Messdaten und Hinweise zum Versuch Röntgenemission und - Absorption},
    year = 2020,
    organization = {Fakultät Physik, TU Dortmund},
    }
@manual{skript2, 
    title = {Versuchsanleitung zum Versuch Nr. 701 Reichweite von alpha-Strahlung},
    year = 2020,
    organization = {Fakultät Physik, TU Dortmund},
    }

@online{Steffen,
    url = {https://wissen.science-and-fun.de/tabellen-fur-spektroskopiker/wellenlaengen-und-anregungsenergien-von-k-und-l-absorptionskanten/},
    urldate = {2020-29-01},
    title = {Wellenlängen und Anregungsenergien von K- und L- Absorptionskanten},
 }

 