@manual{skript, 
    title = {Versuchsanleitung zum Versuch Nr. 702 Aktivierung mit Neutronen},
    year = 2020,
    organization = {Fakultät Physik, TU Dortmund},
    }

@manual{hinweis, 
    title = {Daten und Hinweise zum Versuch Nr. 702 Aktivierung mit Neutronen},
    year = 2020,
    organization = {Fakultät Physik, TU Dortmund},
    }
@manual{skript2, 
    title = {Versuchsanleitung zum Versuch Nr. 701 Reichweite von alpha-Strahlung},
    year = 2020,
    organization = {Fakultät Physik, TU Dortmund},
    }

@online{vanadium,
    url = {https://www.internetchemie.info/chemische-elemente/vanadium-isotope.php},
    urldate = {2020-27-01},
    title = {Vanadium-Isotope},
 }

@online{rhodium,
    url = {https://www.internetchemie.info/isotop.php?Kern=Rh-104},
    urldate = {2020-27-01},
    title = {Rhodium-104},
 }

 
