@manual{skript, 
    title = {V203: Verdampfungswärme},
    year = 2020,
    organization = {Fakultät Physik, TU Dortmund},
    }
@online{naturkonstanten,
    url = {https://toolbox.pep-dortmund.org/files/archive/2020/scientific-python.html},
    urldate = {2021-18-05},
    title = {Naturkonstanten - SciPy, PeP et al. Toolbox},
 }



