
 @online{skript,
 url = {https://moodle.tu-dortmund.de/pluginfile.php/1589978/mod_resource/content/2/V303.pdf},
 urldate = {2021-30-06},
 title = {Versuch V303: Der Lock-In-Verst√§rker},
}


@online{online,
url = {https://www.olympus-ims.com/de/ndt-tutorials/thickness-gauge/appendices-velocities/},
urldate = {2021-22-06},
title = {Schallgeschwindigkeit im Material},
}



