

@manual{skript, 
    title = {V400: Reflexion, Brechung und Beugung},
    year = 2020,
    organization = {Fakult√§t Physik, TU Dortmund},
    }

    @online{lit2,
    url = {https://www.kern.de/de/kunststofflexikon/brechungsindex},
    urldate = {2020-29-01},
    title = {Literaturwerte der Brechungsindizes},
 }

 
 @online{lit3,
 url = {https://www.chemie.de/lexikon/Kronglas.html},
 urldate = {2020-29-01},
 title = {Literaturwert des Brechungsindex von Kronglas},
}

